@article{poole1971assumptions,
  title={The assumptions of the linear regression model},
  author={Poole, Michael A and O'Farrell, Patrick N},
  journal={Transactions of the Institute of British Geographers},
  pages={145--158},
  year={1971},
  publisher={JSTOR}
}

@article{ananth1997regression,
  title={Regression models for ordinal responses: a review of methods and applications.},
  author={Ananth, Cande V and Kleinbaum, David G},
  journal={International journal of epidemiology},
  volume={26},
  number={6},
  pages={1323--1333},
  year={1997}
}

@inproceedings{hu2023hierarchical,
  title={A Hierarchical and Geographically Weighted Regression Model and Its Backfitting Maximum Likelihood Estimator (Short Paper)},
  author={Hu, Yigong and Harris, Richard and Timmerman, Richard and Lu, Binbin},
  booktitle={12th International Conference on Geographic Information Science (GIScience 2023)},
  year={2023},
  organization={Schloss Dagstuhl-Leibniz-Zentrum f{\"u}r Informatik}
}